1861 2767
1760 0 1763 17 l

717 70 1257 129 PRAEFATIO.
1770 104 1774 106 -

178 153 220 192 &
238 150 539 202 Extrauagantes
556 141 732 186 adilesto
755 143 834 184 filio
852 145 962 184 Sixto
975 141 1099 189 Fabri,
1112 141 1286 184 eiusdem
1303 140 1435 196 Palati]
1447 142 1565 185 nostri
1579 142 1792 199 Apostolici

178 206 366 262 Magistro
383 201 692 259 recognoscenda
717 203 848 242 omnia
864 232 874 249 ‚
894 207 935 244 ὃς
959 199 1206 256 approbanda
1229 203 1268 242 in
1287 201 1442 245 officina
1458 203 1589 257 populi
1605 205 1792 245 Romani.-

175 279 264 320 quae
278 264 325 306 ad
338 263 412 304 hoc
424 260 658 318 potissimum
680 291 690 308 ,
706 275 748 301 vt
759 258 844 302 libri
859 258 948 301 sacri
956 261 1001 308 in
1011 274 1056 300 ea
1072 259 1238 300 fideliter
1252 288 1262 306 ,
1275 264 1316 301 ὅ(
1330 257 1556 314 incorrupte
1568 261 1793 314 impriman-

177 337 241 364 tur
257 352 267 370 ,
283 324 410 363 ere6ta
423 319 495 360 fuit
511 348 521 366 ,
535 320 727 374 imprimi„
741 323 782 360 &
792 315 1167 373 imprefladiuulgari
1182 316 1397 359 iusserimus
1411 346 1421 363 ‚
1435 331 1479 358 ac
1491 317 1590 359 vtad
1603 319 1794 362 maiorem

178 380 326 422 Christi
342 378 517 419 fidelium
529 376 673 431 vbique
686 390 765 417 tam
780 391 878 416 intra
890 373 1010 430 quam
1025 389 1134 417 extra
1150 376 1298 416 Italiam
1311 405 1320 423 ,
1332 377 1428 416 citra
1441 404 1451 421 ,
1465 379 1506 417 ὅ(
1527 377 1624 418 vltra
1638 390 1794 418 montes

178 437 508 480 commorantium
522 434 842 476 commoditatem
853 434 928 474 hoc
938 435 1028 475 iuris
1040 434 1230 475 canonici
1243 448 1383 489 corpus
1400 432 1564 475 fideliter
1577 462 1588 480 ‚
1603 438 1644 476 &
1659 435 1792 475 incor-

178 492 414 549 rupteiuxta
423 493 621 548 exemplar
635 493 698 534 hic
716 490 1089 546 Romaeimpreffum
1099 490 1120 532 ἐι
1135 491 1346 532 Catholicis
1363 490 1634 546 Typographis
1650 488 1696 536 ,ὲ
1706 493 1795 533 Ro-

179 567 299 595 mano
308 553 465 606 populo,
482 552 562 593 siue
576 550 625 592 ab
641 565 690 591 eo
704 550 896 604 deputatis
908 579 918 598 ‚
931 550 993 591 vel
1009 563 1078 604 pro
1089 563 1267 605 tempore
1278 548 1509 604 deputandis
1519 549 1650 590 electis
1658 550 1796 604 impri-

178 613 234 653 mi
249 608 372 665 poffit.
398 612 484 651 Nos
498 606 722 664 opportune
739 607 944 662 prouidere
966 608 1140 649 volentes
1152 637 1161 654 ‚
1177 622 1220 648 vt
1242 607 1386 648 hocius
1405 608 1653 648 Canonicum
1669 605 1719 648 sic
1728 622 1797 649 ex-

180 680 388 725 purgatum
400 667 448 709 ad
457 681 593 708 omnes
605 665 750 721 vbique
761 666 907 707 Christi
922 665 1051 706 fideles
1065 665 1204 707 sartum
1221 667 1368 706 testum
1381 667 1641 720 perueniat,ac
1652 679 1701 706 ne
1711 668 1798 706 cui-

179 739 299 781 quam
313 725 425 766 liceat
437 725 566 766 eidem
577 726 685 779 operi
698 725 909 778 quicquam
920 723 1063 764 addere
1079 754 1090 770 ,
1102 724 1165 765 vel
1181 725 1401 769 immutare,
1411 737 1477 763 aut
1489 724 1697 770 inuertere,
1707 722 1798 763 nul-

182 781 270 827 lave
284 785 628 838 interpretamenta
640 782 851 836 adiungere
868 798 875 819 :
892 780 955 821 sed
977 796 1092 836 provt
1107 782 1145 822 in
1172 781 1243 822 hac
1264 780 1398 822 nostra'
1416 779 1524 822 Vrbe
1547 783 1676 822 Roma
1692 796 1797 823 nunc

181 837 408 896 impressum
427 840 521 888 fuit,
535 841 684 894 semper
699 844 738 880 &
755 836 945 893 perpetu&
963 843 1159 893 integrum
1183 844 1223 881 &
1247 842 1516 894 incorruptum
1530 837 1794 880 conseruetur.

183 901 303 943 Motu
317 901 473 954 proprio
489 904 529 939 ὃ(
543 914 591 939 ex
608 911 711 938 certa
725 897 852 938 nostra
865 895 1020 937 scientia
1032 926 1041 942 ,
1051 911 1094 936 ac
1105 897 1154 937 de
1167 897 1400 951 Apostolicae
1417 897 1613 950 potestatis
1623 897 1796 951 plenitu-

181 958 276 1001 dine
286 955 468 997 omnibus
483 962 523 999 ὅτ.
538 956 688 1010 lingulis
703 956 739 995 in
751 953 883 995 nostro
895 984 905 999 ‚
923 959 964 996 δε
976 952 1110 995 Γειῡᾶεε
1121 957 1311 996 Romanae
1326 953 1501 995 Ecclefiae
1512 953 1689 994 dominio
1704 984 1714 1002 ,
1727 969 1798 995 no-

180 1015 258 1062 bis,
274 1020 315 1056 &
329 1014 459 1056 eidem
481 1017 669 1055 Romanae
686 1012 861 1053 Ecclesrae
875 1010 1044 1053 mediate
1057 1041 1066 1057 ‚
1085 1011 1148 1053 vel
1174 1011 1401 1053 immediate
1421 1010 1595 1052 subiecto
1617 1026 1798 1053 commo-

183 1071 356 1114 rantibus
367 1102 379 1119 ,
392 1072 454 1113 vel
475 1072 522 1112 ad
540 1071 632 1115 illud
650 1072 788 1126 quovis
803 1083 992 1124 praetextu
1008 1068 1306 1111 aduenientibus
1317 1098 1326 1114 ‚
1339 1083 1384 1109 ac
1395 1070 1513 1110 etiam
1524 1083 1633 1110 extra
1646 1069 1800 1111 distum

183 1131 404 1171 dominium
416 1128 577 1170 vbilibet
588 1127 843 1173 existentibus
856 1126 1128 1183 Typographis
1139 1155 1148 1172 ‚
1168 1133 1208 1170 ὅ(
1222 1125 1408 1169 librorum
1422 1126 1715 1181 Imprefforibus
1731 1142 1797 1175 ,ac

183 1187 407 1242 Bibliopolis
424 1215 433 1233 ‚
451 1192 490 1229 ὃ(
503 1185 798 1241 quibuscunque
821 1186 899 1227 aliis
920 1184 1089 1240 personis
1112 1183 1311 1240 Vtriusque
1326 1182 1439 1226 sexus
1459 1183 1725 1240 cuiuscunque
1739 1185 1800 1227 di-

184 1247 343 1300 gnitatis
357 1273 368 1291 ‚
385 1245 500 1286 status
515 1274 525 1292 ‚
543 1245 680 1299 gradus
696 1270 706 1290 ‚
719 1243 863 1284 ordinis
892 1242 953 1284 vel
974 1242 1207 1287 conditionis
1228 1242 1415 1288 existant,
1431 1244 1470 1282 in
1495 1243 1640 1283 virtute
1665 1242 1802 1285 sanstae

185 1302 418 1344 obedientiae
429 1331 439 1350 ,
464 1317 507 1343 ac
532 1301 599 1343 sub
621 1302 1036 1344 excommunicationis
1060 1302 1212 1342 maioris
1236 1300 1318 1342 latae
1339 1298 1539 1341 sententiae
1561 1329 1571 1346 ‚
1603 1305 1646 1342 &.
1666 1300 1799 1356 quoad

183 1376 293 1403 nunc
305 1390 314 1408 ‚
329 1365 370 1401 Sc
381 1374 451 1415 pro
466 1374 640 1415 tempore
651 1359 810 1405 indieto,
824 1359 955 1400 nostro
964 1388 974 1405 ‚
985 1363 1025 1400 δι
1043 1361 1230 1400 Romanae
1241 1358 1415 1400 Ecclefiae
1427 1357 1602 1398 dominio
1613 1357 1802 1406 mediate,

186 1419 250 1460 vel
262 1416 489 1459 immediate
501 1416 673 1459 subiecto
690 1431 975 1459 commorantes
987 1447 997 1463 ,
1007 1419 1124 1458 etiam
1137 1417 1234 1458 vltra
1244 1414 1430 1472 praemiffa
1444 1413 1511 1456 sub
1533 1415 1728 1458 amiflione
1744 1416 1800 1457 *li-

184 1475 346 1517 brorum
358 1505 370 1523 ‚
382 1488 426 1516 ac
441 1476 543 1517 mille
555 1475 786 1517 ducatorum
799 1477 880 1525 auri
893 1474 944 1515 de
955 1474 1122 1516 Camera
1135 1488 1206 1529 pro
1227 1489 1303 1515 vna
1316 1473 1496 1515 videlicet
1516 1474 1644 1515 officio
1669 1476 1802 1529 Inqui-

186 1534 332 1575 fitionis
349 1533 534 1575 haereticae
553 1535 760 1587 priuitati5‚
775 1537 816 1574 &
834 1546 903 1586 pro
913 1531 982 1573 alia
998 1531 1227 1576 accusatori,
1246 1537 1286 1574 &
1298 1546 1368 1587 pro
1385 1531 1529 1586 reliqua
1546 1533 1668 1572 tertiis
1679 1533 1801 1587 parti-

187 1590 260 1631 bus
279 1591 402 1634 Iudici
421 1593 622 1632 executori
647 1588 950 1631 irremiffibiliter
976 1590 1291 1644 applicandorum
1307 1619 1317 1637 ‚
1333 1586 1488 1643 aliisque
1513 1587 1658 1642 arbitri}
1680 1590 1802 1632 nostri

186 1650 315 1703 poenis
329 1663 378 1689 eo
391 1647 473 1702 ipso
493 1649 519 1689 fi
543 1654 582 1690 &
593 1651 747 1704 quoties
762 1661 897 1689 contra
915 1646 1060 1687 fastum
1077 1647 1193 1689 fuerit
1208 1678 1218 1694 ‚
1231 1653 1273 1690 ὃ(
1286 1662 1355 1703 per
1369 1646 1583 1701 quemlibet
1597 1662 1803 1689 contraue-

187 1709 367 1755 nientem
386 1706 624 1747 incurrendis
641 1705 868 1760 „Apostolica
892 1705 1125 1746 authoritate
1142 1720 1279 1747 tenore
1301 1704 1548 1760 praesentium
1562 1703 1800 1753 inhibemus,

190 1763 510 1806 &interdicimus
525 1793 535 1810 ‚
547 1778 596 1804 ne
618 1764 732 1816 ipsius
745 1764 921 1804 Gratiani
945 1765 1164 1804 Decretum
1176 1777 1268 1804 cum
1290 1761 1627 1807 annotationibus,
1645 1762 1802 1804 &idem

185 1835 278 1862 cum
293 1819 444 1867 Gloffis‚
461 1819 729 1862 Decretalibus
753 1820 935 1874 Gregorij
953 1822 1061 1862 Noni
1081 1818 1363 1874 praedecess'oris
1381 1819 1499 1860 nostri
1516 1849 1525 1866 ,
1541 1821 1663 1860 Sexto
1679 1848 1688 1866 ‚
1705 1821 1801 1862 Cle-

186 1880 393 1925 meminis,
422 1883 461 1920 &
490 1877 837 1932 Extrauaganribus
861 1892 904 1917 vt
928 1877 1127 1932 praefertur
1153 1907 1163 1925 ,
1185 1878 1235 1919 de
1263 1892 1404 1919 caetero
1432 1890 1499 1930 per
1516 1876 1754 1918 decennium
1780 1876 1805 1919 ὲ

187 1937 276 1978 data
299 1935 545 1992 praesentium
570 1935 637 1976 sub
659 1938 797 1989 quovis
816 1934 929 1976 titulo
943 1934 1030 1977 alibi
1047 1933 1166 1990 quam
1184 1938 1223 1976 in
1244 1934 1353 1976 Vrbe
1378 1935 1522 1981 nostra,
1538 1939 1578 1975 &
1601 1937 1639 1975 in
1664 1935 1804 1977 eadem

189 1995 343 2036 officina
364 1992 602 2047 impressoria
629 1993 720 2034 diffi
744 1993 874 2048 populi
903 1995 1098 2038 Romani,
1120 1998 1160 2035 ὅ(
1186 1995 1252 2040 iis,
1267 1991 1408 2048 quibus
1433 1990 1480 2032 ab
1496 1992 1637 2034 eodem
1660 1995 1806 2049 populo

190 2055 396 2095 Romano,
416 2057 456 2093 Sc
471 2050 519 2092 ab
534 2067 582 2092 eo
595 2051 642 2091 ad
663 2051 736 2091 hoc
752 2065 820 2105 pro
835 2050 917 2105 ipso
928 2051 1077 2105 Populo
1089 2051 1281 2105 deputatis
1293 2080 1303 2096 ,
1316 2064 1393 2091 tam
1410 2051 1447 2090 in
1462 2051 1565 2091 Italia
1582 2081 1591 2097 ,
1602 2050 1720 2106 quam
1735 2066 1807 2093 ex-

190 2123 249 2151 tra
260 2108 409 2150 Italiam
423 2108 582 2150 vbilibet
600 2107 757 2149 facultas
774 2138 782 2155 ,
799 2113 838 2150 &
853 2109 1006 2150 licentia
1030 2123 1097 2163 per
1119 2109 1265 2149 dietum
1291 2122 1442 2162 tempus
1457 2106 1622 2162 desuper
1632 2107 1808 2151 conccfla

188 2167 305 2212 fuerit
319 2197 327 2209 ,
346 2181 460 2221 prove
472 2182 541 2207 nos
557 2166 685 2207 eidem
711 2167 854 2221 populo
871 2169 1053 2208 Romano
1070 2194 1079 2211 ‚
1099 2171 1138 2208 ὃ(
1153 2164 1297 2207 eisdem
1318 2164 1365 2206 ab
1381 2181 1430 2206 eo
1447 2165 1641 2219 deputatis
1654 2195 1664 2213 ‚
1679 2166 1806 2209 vthu-

191 2223 355 2266 iusmodi
375 2224 570 2266 licenti-am
586 2254 596 2271 ,
617 2229 657 2266 &.
673 2223 896 2265 facultatem
909 2238 986 2264 tam
1002 2226 1042 2264 in
1057 2224 1161 2265 Italia
1176 2253 1185 2269 ‚
1199 2222 1318 2279 quam
1342 2238 1452 2265 extra
1473 2224 1620 2265 Italiam
1646 2223 1809 2266 vbilibet

190 2286 412 2336 cuicunque
425 2311 434 2327 ‚
451 2287 491 2323 &
501 2281 797 2337 quibuscunque
812 2283 881 2336 ipfi
896 2282 1041 2337 pop-ulo
1055 2284 1239 2323 Romano
1251 2309 1261 2326 ‚
1276 2281 1339 2322 seu
1354 2283 1435 2322 eius
1448 2295 1516 2335 pro
1530 2296 1579 2322 eo
1595 2284 1806 2338 Deputatis

190 2354 263 2394 pro
278 2354 457 2395 tempore
479 2338 696 2386 videbitur,
717 2345 757 2381 Sc
778 2339 963 2394 placebit,
977 2355 1019 2381 ac
1036 2354 1106 2394 pro
1127 2353 1304 2394 tempore
1328 2340 1455 2380 eidem
1484 2341 1627 2394 populo
1643 2369 1652 2386 ,
1672 2345 1712 2382 &
1727 2342 1812 2381 eius

191 2400 401 2452 Depu-tatis
423 2396 545 2439 visum
565 2397 704 2443 fuerit,
721 2398 928 2451 significata
950 2400 1051 2452 prius
1080 2396 1190 2438 nobis
1207 2427 1216 2443 ,
1235 2403 1274 2439 &
1297 2395 1505 2452 approbata
1516 2397 1702 2450 persona,
1718 2411 1810 2438 con·

189 2453 547 2512 cedere2ill52mque
567 2455 616 2498 fic
634 2455 851 2500 concessam
865 2469 981 2512 provt
994 2486 1005 2505 ,
1018 2460 1059 2500 δὲ
1079 2456 1236 2512 quando
1253 2454 1321 2499 fibi
1347 2455 1554 2511 placuerit,
1569 2467 1752 2549 τειιοςίτςε
1765 2455 1812 2521 li-

1742 2520 1798 2556 ἴθι
