1861 2767
61 909 117 963 Vfflsst

62 967 129 1011 ΥΠ).

64 1151 122 1192 xij.

64 1198 132 1242 xiij.

65 1247 132 1280 xiv.

65 1306 119 1328 xv.

67 1346 132 1388 xvj.

67 1392 144 1436 xvij.

68 1440 155 1486 xviij.

70 1500 134 1522 xix.

68 1588 134 1631 xxj.

72 1681 148 1724 xxij.

67 1740 87 1762 x
96 1739 163 1772 κη).

73 1825 160 1860 xxiv.

74 1932 148 1956 xxv.

73 1971 158 2015 xxvj.

77 2019 173 2061 xxvij,

79 2075 186 2111 xxvuj.

78 2163 160 2197 xxix.

79 2222 149 2247 xxx.

65 2403 107 2454 ’ξ

404 247 469 398 m:

249 441 362 490 ET
435 437 817 490 PRIMVM
899 435 1152 489 PRIMI
1225 432 1476 484 LIBRI.

299 570 322 602 Ε
339 570 409 601 Iure
429 565 615 600 canonico.

259 670 292 700 &
303 661 616 699 constitutionibus.

209 716 260 748 De
275 711 492 748 Ecclefiasticis
508 706 820 744 constitutionibus.

210 765 261 797 De
272 765 342 795 Iure
353 759 570 808 personarum.

210 811 260 844 De
273 808 437 856 Episcopis
448 832 456 846 ‚
466 813 498 843 ὃς
511 805 637 840 summo
649 803 815 841 Pontifice.

211 861 262 893 De
274 859 451 894 Eleffione.

214 907 285 952 Qi
299 906 427 953 eligere,
441 903 557 952 eiigive
570 900 709 951 possunt.

214 957 266 989 De
277 954 508 989 postulatione.

213 1004 264 1038 De
278 1002 541 1037 Confirmatione
554 999 740 1035 Eleffionis.

214 1054 265 1086 De
286 1048 551 1086 Consecratione.

214 1103 266 1135 De
277 1101 463 1146 receptione
473 1104 504 1134 δε
516 1096 712 1131 authoritate
725 1093 823 1142 pallij.

212 1151 262 1183 De
277 1150 342 1182 vita
356 1153 387 1184 &
402 1147 565 1181 honestate
577 1145 798 1179 Praelatorum.

213 1199 263 1232 De
276 1194 388 1230 officio
401 1195 638 1230 Archidiaconi.

213 1248 264 1280 De
274 1242 386 1279 officio
403 1242 691 1290 Archipresbytcri.

214 1292 388 1329 Deofficto
404 1294 537 1337 Vicarij.

218 1345 269 1377 De
280 1342 492 1376 Coadiutore.

217 1393 268 1426 De
281 1389 579 1437 Corepiscoporum
597 1385 651 1422 vsu
667 1385 802 1422 sublato.

219 1441 267 1474 De
280 1438 515 1472 Transsatione.

218 1490 270 1522 De
280 1489 551 1521 Renunciatione.

220 1539 270 1571 De
282 1534 496 1583 Depofitione
505 1559 515 1573 ,
528 1532 580 1569 seu
601 1534 853 1581 Degradatione.

218 1588 269 1621 De
283 1584 510 1620 Sacerdotibus
525 1586 558 1618 in
583 1582 731 1618 inferiori
753 1583 852 1630 gradu

269 1633 459 1667 constitutis.

220 1681 272 1713 De
283 1682 397 1725 eis,qui
409 1682 442 1713 in
453 1678 547 1714 sacris
560 1679 632 1714 sunt
643 1680 820 1713 constituti.

220 1729 272 1762 De
287 1729 324 1760 iis
338 1750 348 1764 ,
360 1729 417 1773 qui
431 1726 502 1761 sunt
516 1730 550 1761 in
566 1728 748 1762 minoribus
768 1727 855 1761 ordi-

273 1775 368 1809 nibus
379 1776 555 1810 constituti.

227 1825 429 1859 Communia
453 1835 519 1857 tam
544 1825 705 1858 maiorum
724 1847 735 1861 ‚
757 1823 856 1870 quiam

276 1874 440 1906 minorum
451 1874 611 1907 ordinum.

226 1922 295 1960 Qui
310 1923 498 1966 promoueri
510 1934 578 1955 non
591 1920 731 1968 possunt.

225 1972 276 2004 De
287 1970 468 2003 Praebendis
481 1975 514 2005 &
530 1969 597 2004 aliis
613 1969 784 2006 beneficiis.

225 2019 276 2052 De
289 2017 545 2052 Collationibus.

227 2067 277 2100 De
304 2066 563 2102 Institutionibus
574 2091 582 2105 ‚
595 2072 630 2104 ὃς
655 2070 726 2102 lure
745 2069 860 2103 Patro-

275 2125 381 2149 natus.

226 2165 276 2198 De
290 2162 424 2198 Clericis
435 2175 504 2198 non
513 2162 732 2200 refidentibus.

224 2214 275 2247 De
288 2210 486 2260 regularibus
501 2236 512 2252 ‚
522 2225 557 2248 ac
566 2214 751 2251 Monachis.

219 2310 501 2348 SECVNDI
548 2314 728 2348 LIBRI.

862 556 925 631 1

300 618 348 649 De
357 619 428 650 Iure
441 615 576 651 Diuino,
587 609 845 647 consuetudine,
866 645 867 648 Ἴ

892 614 937 658 iij.

892 672 933 697 ιν.

891 722 920 743 v.

891 763 934 803 vj.

891 810 944 853 vij.

891 858 959 902 viij.

893 917 934 939 ix.

896 965 925 987 x.

892 1006 934 1048 xj.

893 1064 944 1098 xij.

894 1149 960 1194 xiij.

895 1208 958 1231 xrv.

894 1258 946 1280 xv.

897 1348 960 1391 xvj.

898 1396 971 1440 xvij.

898 1491 983 1537 xvfii

899 1590 964 1622 xix.

900 1650 951 1672 xx.

902 1737 963 1780 xxj.

901 1833 975 1878 xxij.

902 1892 987 1925 xxiij.

902 1932 986 1965 xxiv.

904 1991 975 2012 xxv.

903 2031 987 2072 xxvj.

902 2077 998 2121 xxvij.

904 2174 1010 2219 xxviij.

227 2408 278 2444 De
288 2408 414 2442 Rerum
429 2406 585 2445 diuifione
597 2433 608 2451 ,
623 2420 718 2460 atque
734 2409 860 2448 illatum
901 2416 922 2457 j.

278 2456 563 2507 pdministratioiiq

903 2464 934 2509 ij.

1039 563 1089 597 De
1105 561 1332 596 saci-amentis.

1039 614 1088 646 De
1104 610 1280 657 Baptismo,
1293 615 1323 644 ει
1339 604 1546 655 eius-effcau.

1039 661 1090 694 Dc
1101 661 1307 694 sacramento
1319 655 1521 691 Chriimatis.

1041 712 1091 743 De
1106 709 1310 743 Poenitentiis
1325 712 1357 742 δέ
1371 700 1638 740 Rcmiffioni'ous.

1044 760 1092 792 De
1105 756 1306 792 Eucharistia.

1041 808 1091 840 De
1105 809 1252 840 Extrema
1267 803 1440 840 Viiffione.

1041 856 1091 888 De
1105 857 1310 888 Sacramento
1325 855 1471 889 Ordinis.

1041 904 1090 938 De
1105 905 1311 937 §aeramento
1323 902 1538 947 Matrimonij.

1042 953 1092 986 De
1105 950 1328 998 Sponsaiibus.

1042 1002 1092 1034 De
1107 1002 1252 1047 Nuptiis.

1044 1049 1131 1094 Qae
1152 1049 1402 1084 Matrimonium
1422 1045 1578 1095 impedire
1603 1045 1681 1093 pos-

1093 1097 1177 1132 suntf

1042 1148 1093 1180 De
1101 1145 1233 1194 Triplici
1245 1146 1454 1193 cognatione.

1043 1197 1093 1228 De
1106 1194 1298 1229 claudestina
1312 1192 1572 1240 desponsatione.

1043 1245 1117 1290 Qi
1131 1244 1376 1278 matrimonium
1389 1240 1534 1276 accusare
1551 1240 1682 1290 poffunr

1093 1292 1143 1326 vel
1158 1303 1271 1327 contra
1286 1291 1364 1325 iliud
1378 1290 1548 1327 testificari.

1043 1343 1093 1375 De
1106 1342 1276 1376 Diuortiis.

1045 1392 1095 1424 De
1117 1390 1227 1425 Rebus
1247 1386 1342 1423 sactis
1361 1413 1371 1427 ‚
1394 1387 1509 1423 faustis
1534 1391 1566 1424 δε
1592 1386 1682 1422 Reli-

1095 1437 1205 1486 giosis.

1047 1489 1098 1522 De
1112 1487 1332 1521 construendis
1344 1484 1577 1523 consecrandis,
1590 1490 1622 1522 &
1636 1497 1687 1520 re-

1098 1537 1246 1584 parandis
1256 1534 1446 1573 Ecclefiis‚&
1457 1533 1634 1570 Altaribus.

1047 1585 1099 1618 De
1112 1583 1298 1619 Vnionibus
1312 1583 1535 1618 Ecclefiarum.

1046 1634 1096 1667 De
1118 1635 1324 1667 immunitate
1338 1630 1548 1667 Ecclefiarum
1562 1637 1593 1668 &
1609 1630 1696 1667 subd

1099 1683 1248 1716 ieffione.

1048 1730 1099 1762 De
1116 1728 1275 1764 Cenfibus
1291 1753 1300 1767 ‚
1311 1727 1543 1764 Exactionibus
1555 1733 1586 1766 δε
1603 1730 1686 1764 Ρῐοι

1099 1778 1331 1812 curationibus.

1051 1826 1101 1860 De
1117 1826 1262 1873 Capellis
1277 1825 1530 1861 Monachorum.

1051 1876 1100 1909 De
1114 1873 1284 1923 Religiofis
1295 1875 1457 1911 domibus.

1051 1925 1101 1958 De
1112 1925 1299 1972 Sepulturis.

1050 1974 1100 2006 De
1114 1975 1283 2008 Canonica
1295 1974 1460 2020 portione.

1052 2024 1103 2055 De
1119 2024 1271 2056 Decimis.

1052 2070 1102 2103 De
1126 2070 1240 2104 Rebus
1258 2069 1402 2105 Ecclefiae
1422 2068 1598 2108 alienandis
1610 2096 1620 2111 ‚
1636 2072 1687 2108 ve!

1100 2131 1183 2153 nonr

1052 2168 1102 2202 De
1116 2166 1245 2202 Peculio
1264 2166 1466 2203 Clericorum
1481 2193 1493 2208 ‚
1507 2169 1640 2207 Reliffis
1651 2175 1690 2207 ὅς

1100 2215 1358 2252 Succeffionibus
1368 2229 1492 2253 eorum.

1084 2318 1250 2352 LIBRI
1298 2317 1512 2352 TERTII.

1051 2415 1101 2448 De
1114 2412 1242 2448 Iudiciis
1260 2438 1267 2450 ‚
1280 2412 1455 2450 &illorum
1471 2392 1643 2451 diuisione.

1049 2465 1102 2498 De
1117 2462 1394 2500 Procuratoribus.

1352 2513 1438 2558 {5
1641 2513 1697 2549 ne
