1861 2767
149 122 1694 278 &QQQQQQQQ

371 318 480 437 G
523 317 792 544 1³13}
811 316 1325 550 fflffl
1368 320 1479 507 V
1518 318 1588 438 s

167 610 550 656 VNIVERSIS
602 608 867 655 CHRISTI
938 612 1300 655 FIDELIBVS
1372 612 1791 657 PRAESENTES

358 676 495 722 literas
510 676 918 742 inffiefft'urisfhlutem
934 711 947 733 ‚
963 689 1022 730 «ξφ
1037 679 1284 745 Apostolicam
1301 677 1612 726 benediblionem.

444 201 546 248 ‘³3

620 202 708 274 a&

180 843 202 861 x*
220 837 323 887 ,ὦ
348 827 393 867 Μ
405 837 427 865 E
439 836 469 864 N
481 837 577 865 DAT
590 840 603 864 1
618 837 645 864 o
659 837 689 865 N
701 836 722 865 E
737 838 772 866 M
792 825 1058 868 Decretorum
1074 859 1084 875 ,
1099 825 1354 884 locorumque
1370 826 1392 870 ὲ
1408 829 1598 873 Gratiano
1607 826 1788 868 colica«,-

182 889 204 941 ss,
220 869 319 943 {242
346 896 448 929 rum,
468 883 574 928 (erat
592 884 700 923 enim
714 884 744 923 is
760 881 857 925 liber
882 884 1034 925 mendis
1051 892 1091 928 &
1110 887 1422 928 testimoniorum
1443 883 1789 940 deprauationibus

192 948 194 951 ⁴
314 970 320 983 ,
347 938 580 994 plenissimus
594 944 624 989 ,)
644 938 665 981 a
679 941 871 982 nonnullis
887 945 1073 985 Romanis
1092 943 1345 985 Pontificibus
1364 940 1705 998 praedecessoribus
1717 957 1788 982 no-

167 995 251 1038 stris
264 999 414 1053 optimo
426 998 588 1039 consilio
601 996 813 1053 susceptam
825 1028 834 1045 ‚
847 998 1068 1055 selestisque
1080 1001 1128 1042 ad
1145 1002 1184 1042 id
1206 1004 1411 1055 negotium
1431 999 1566 1041 sanetae
1594 1003 1785 1041 Romana:

166 1055 343 1097 Ecclefiae
358 1053 625 1097 Cardinalibus
639 1084 648 1102 ‚
667 1061 707 1097 δε
719 1056 798 1097 aliis
812 1057 1068 1100 eruditiffimis
1084 1060 1173 1099 viris
1190 1058 1369 1100 adhibitis
1384 1057 1642 1103 commissam,
1660 1058 1790 1099 multis

167 1125 300 1153 autem
318 1142 327 1159 ,
340 1110 531 1168 variisque
547 1115 835 1168 impedimentis
848 1115 1035 1158 hastenus
1048 1116 1277 1158 retardatam
1294 1135 1302 1156 z
1318 1133 1422 1158 nunc
1438 1116 1597 1157 tandem
1607 1112 1790 1156 vetustis-

168 1169 272 1211 fimis
287 1169 499 1212 Codicibus
516 1171 692 1227 vndique
707 1173 952 1228 conquisitis,
964 1173 1260 1230 austoribt'isque
1284 1175 1370 1230 ipsis
1401 1176 1412 1220 (
1428 1188 1598 1229 quorum
1618 1173 1791 1214 testimo-

168 1227 242 1267 niis
257 1226 343 1269 vsus
357 1242 438 1269 erat
452 1229 660 1270 Gratianus
677 1235 688 1279 )
705 1231 880 1284 pet-lestis
896 1262 906 1278 ,
921 1247 1087 1288 quaeque
1106 1247 1305 1290 perperam
1326 1233 1446 1287 posita
1460 1246 1589 1277 erant,
1607 1230 1680 1272 suis
1697 1231 1789 1276 locis

169 1283 352 1327 restitutis
373 1316 383 1333 ,
396 1300 535 1341 magna
546 1302 637 1328 cum
651 1288 850 1342 diligentia
871 1289 1082 1332 absolutam
1096 1322 1105 1339 ,
1120 1306 1237 1346 atque
1262 1289 1471 1346 perfestam
1486 1289 1570 1335 ,edi
1583 1289 1788 1330 mandaui-

169 1353 268 1383 mus.
294 1346 338 1384 In
350 1359 431 1396 quo
447 1358 585 1399 magna
601 1348 696 1385 ratio
712 1344 840 1386 habita
865 1348 921 1389 est
936 1351 1078 1404 Operis
1094 1351 1208 1404 ipfius
1224 1349 1421 1403 dignitatis
1438 1377 1448 1394 ,
1466 1353 1507 1390 ὃς
1522 1346 1682 1402 publicae
1698 1376 1707 1393 ,
1718 1361 1790 1387 eo-

169 1413 258 1439 rum
275 1400 499 1455 praesertim,
513 1405 581 1457 qui
595 1406 634 1443 in
651 1404 726 1444 hoc
740 1404 865 1444 studio
879 1406 1077 1447 versantur
1092 1408 1299 1453 LVtilitatis.
1311 1405 1495 1449 Iubemus
1506 1407 1636 1461 igitur,
1648 1419 1788 1459 vtquae

169 1458 377 1500 emendata
396 1464 435 1501 &
452 1461 615 1514 reposita
630 1460 715 1502 sunt
729 1491 737 1508 ‚
752 1464 883 1503 omnia
896 1463 1016 1518 quarn
1030 1464 1312 1520 diligentiffime
1326 1467 1564 1506 retineantur
1577 1493 1586 1510 ,
1603 1465 1656 1504 ita
1668 1477 1710 1504 vt
1726 1463 1789 1504 ni-

171 1512 225 1554 hil
241 1515 401 1557 addatur
414 1546 422 1562 ,
439 1531 613 1560 mutetur
624 1549 633 1564 ,
649 1534 714 1559 aut
730 1522 995 1562 imminuatur.
1013 1525 1165 1564 Datum
1178 1526 1318 1564 Romae
1329 1522 1431 1576 apud
1443 1521 1616 1564 faustum
1626 1524 1789 1563 Petrum

169 1568 239 1669 [ΣΙ]
253 1572 396 1671 αηηιιὲο
412 1573 603 1627 piscatoris
620 1605 629 1623 ‚
640 1576 703 1619 die
716 1574 881 1620 fecunda
896 1581 997 1633 Iunij
1013 1610 1022 1628 ,
1049 1595 1096 1622 M.
1115 1595 1158 1622 D.
1182 1595 1206 1621 1.
1219 1595 1244 1620 x
1255 1596 1280 1622 x
1292 1596 1316 1622 x
1331 1595 1345 1620 1
1360 1596 1388 1620 1.
1405 1581 1659 1621 pontificatus
1671 1579 1791 1622 nostri

212 1644 291 1671 nno
303 1646 356 1672 vn
386 1645 523 1672 ecimo.

1115 1775 1654 1818 ANT.BVCCA1²ADVL1vs-

1535 2196 1788 2241 CONCOR
