1861 2767
612 49 1152 104 PRAEFATIO.

69 124 167 170 bere
183 154 194 173 ‚
212 124 254 167 &
269 118 376 165 licite
399 120 552 164 valeant
564 147 575 167 ,
588 118 835 175 indulgemus
854 148 868 165 ,
883 116 1110 174 impressum
1127 148 1137 165 ,
1154 124 1195 162 ὃς
1220 119 1525 175 imprimendum
1549 136 1698 172 tenere,

72 183 261 230 vendere,
274 180 368 223 dare
385 210 396 229 ,
407 179 568 225 donare,
581 177 645 220 vel
659 176 750 229 alias
762 175 1062 233 quomodolibet
1076 176 1219 219 habere
1232 207 1242 224 ‚
1259 178 1319 220 vel
1337 178 1553 227 transferre,
1566 196 1698 237 neque

72 236 190 284 etiam
215 239 284 294 ipsi
298 236 441 293 absque
453 234 628 293 expressa
639 238 759 278 etiam
781 238 821 277 in
838 234 982 291 seriptis
994 236 1148 278 licentia
1165 235 1336 278 eiusdem
1354 238 1484 293 populi
1510 241 1695 290 Romani,v

75 306 117 343 Ge
130 297 178 341 ab
192 313 241 340 eo
260 300 555 352 Deputatorum
570 294 721 336 dictum
734 295 909 336 Gratiani
926 295 1143 335 Decretum
1162 308 1253 335 cum
1267 295 1353 349 ipsis
1368 297 1698 347 annotationibus,

74 363 118 400 ὃς
133 357 239 399 idem
253 367 344 397 cum
356 353 477 411 glossis
489 384 500 402 ,
512 353 694 409 Gregorij
707 354 817 396 Noni
827 350 1110 408 praedecessoris
1125 352 1244 393 nostri
1258 352 1545 402 Decrecalibus,
1562 358 1697 405 Sexto,

73 416 336 459 Clementinis
350 442 362 461 ,
375 418 418 456 ὅ(
439 409 793 467 Extrauagantibus
808 441 818 459 ,
833 425 877 451 vt
902 411 1050 452 dickum
1075 410 1132 451 est
1146 439 1156 455 ,
1180 412 1405 465 imprimere
1421 441 1431 458 ,
1448 428 1520 454 nec
1548 428 1617 469 per
1632 416 1698 457 di·-

72 477 182 516 &um
193 472 431 514 decennium
446 469 494 513 ab
507 472 562 513 eis
576 499 587 517 ,
600 469 665 512 vel
682 470 762 511 aliis
781 482 1038 531 praeterquam
1055 466 1075 509 a
1090 469 1196 510 dieto
1211 469 1355 524 populo
1373 471 1555 512 Romano
1568 502 1579 519 ‚
1594 478 1634 515 ὃς
1647 473 1694 516 ab

73 543 124 574 eo
135 533 365 586 Deputatis,
381 529 444 572 vel
456 529 506 571 de
521 541 660 571 eorum
674 526 827 570 licentia
841 556 851 574 ‚
868 542 911 568 vt
932 525 1132 583 praefertur
1144 556 1154 574 ,
1170 523 1394 581 impressum
1413 533 1453 569 &
1469 530 1698 583 imprimen-

73 589 172 631 dum
186 586 274 630 alias
290 586 435 630 habere
449 617 459 635 ,
473 585 539 629 seu
552 601 687 629 tenere
705 615 715 633 ,
728 600 795 627 aut
806 588 924 629 etiam
948 585 1122 627 vendere
1133 614 1142 631 ,
1160 584 1222 626 vel
1239 584 1385 626 donare
1403 615 1412 631 ,
1427 584 1491 626 seu
1505 588 1697 642 imprimi,

77 648 225 693 teneri,
239 646 376 693 vendi,
388 646 524 687 donari
538 675 548 693 ,
561 659 629 686 aut
646 644 736 687 alias
756 641 950 686 transferri
965 642 1091 684 facere
1107 656 1174 698 per
1188 640 1225 683 se
1245 672 1254 688 ‚
1272 643 1334 684 vel
1358 642 1477 684 alium
1494 674 1504 691 ,
1525 643 1590 686 seu
1604 647 1696 690 alios

19 716 24 718 ⁷
76 703 231 759 publice
249 733 258 750 ,
270 704 332 745 vel
343 702 499 745 occulte
516 703 686 750 ,directe
702 732 712 749 ,
731 700 796 744 seu
810 701 995 744 inducere
1008 703 1149 755 quovis
1162 701 1324 756 quaesito
1337 701 1465 742 colore
1480 732 1490 751 ,
1507 704 1567 746 vel
1587 706 1696 760 inge-

76 765 143 803 nio
165 762 353 808 audeant,
369 759 433 803 seu
448 759 675 816 praesumant
691 777 698 799 :
716 762 767 801 ita
782 757 897 814 quod
916 762 1034 801 etiam
1052 758 1143 800 nulli
1156 761 1320 799 omnino
1334 757 1543 800 hominum
1561 776 1638 804 tam
1655 766 1696 806 in

77 817 176 862 vrbe
192 849 201 867 ,
218 824 259 862 ὅτ.
275 833 357 860 tota
376 819 481 861 Italia
495 849 507 866 ,
523 816 644 874 quam
659 832 769 860 extra
788 816 913 858 vbiuis
929 820 1141 872 Terqarum
1158 846 1167 862 ,
1184 819 1415 870 Regnorum
1427 846 1436 863 ‚
1454 819 1697 873 Regionum,

78 882 121 920 &
145 879 442 920 prouinciarum
456 878 574 918 totius
591 874 695 917 orbis
715 875 827 917 liceat
845 873 1066 916 huiusmodi
1088 872 1190 915 libris
1204 874 1296 915 disti
1321 876 1410 915 iuris
1423 876 1614 920 Canonici
1632 880 1697 925 fic,

77 949 123 977 vt
143 934 425 990 praefertur,de
447 934 634 975 mandato
659 932 793 974 nostro
816 934 1021 988 recognitis
1037 962 1046 980 ,
1061 934 1241 973 correffis
1255 961 1264 979 ,
1282 937 1323 974 &
1343 936 1565 988 expurgatis
1588 939 1698 990 quic-

76 1007 197 1048 quam
218 992 361 1034 addere
378 1023 388 1040 ,
400 992 606 1035 detrahere
621 1021 631 1038 ,
646 991 707 1033 vel
723 992 930 1033 immutare
943 1021 953 1038 ,
967 1004 1034 1032 aut
1055 991 1250 1031 inuertere
1264 1018 1273 1035 ,
1289 988 1445 1032 nullave
1470 993 1699 1048 interpreta-

84 1063 219 1092 menta
236 1050 449 1104 adiungere
463 1080 473 1097 ,
487 1047 552 1090 sed
577 1063 692 1104 provt
709 1063 807 1103 opus
825 1045 1048 1089 huiusmodi
1078 1049 1216 1088 Romae
1240 1062 1347 1089 nune
1376 1047 1601 1104 impressum
1621 1051 1697 1094 fuit

80 1107 233 1163 semper
246 1112 285 1149 &
299 1104 493 1162 perpetuo
509 1108 707 1161 integrum
726 1108 1045 1161 &incorruptum
1060 1103 1313 1146 conseruetur
1324 1135 1333 1151 ‚
1347 1106 1547 1148 statuimus
1560 1137 1569 1156 ‚
1580 1108 1698 1152 sanci-

75 1179 163 1207 mus
180 1195 191 1213 ,
205 1170 248 1207 &
272 1164 495 1206 ordinamus
510 1163 756 1205 :mandantes
771 1164 957 1205 vniucrsis
974 1168 1016 1205 δε
1035 1162 1190 1217 fingulis
1207 1162 1490 1206 venerabilibus
1502 1163 1695 1215 fratribus,

77 1222 326 1270 Patriarcbis,
344 1220 652 1277 Archiepiscopis
676 1227 716 1264 δε
731 1218 1178 1277 Episcopis,caeterisque
1197 1220 1371 1262 locorum
1395 1223 1613 1265 Ordinariis
1625 1255 1636 1273 ,
1652 1231 1696 1268 δε

77 1295 218 1323 eorum
233 1281 394 1321 Vicariis
409 1282 449 1321 in
461 1278 713 1335 spiritualibus
726 1309 736 1327 ‚
750 1284 791 1322 &
804 1276 1079 1334 temporalibus
1093 1307 1103 1325 ‚
1121 1283 1161 1320 δε
1178 1281 1216 1319 in
1238 1278 1333 1320 statu
1346 1280 1549 1335 temporali
1561 1279 1699 1325 sanetae

77 1340 269 1380 Romanae
283 1337 458 1380 Ecclefiae
469 1339 587 1379 etiam
601 1339 752 1392 Legatis
769 1366 779 1384 ,
790 1337 1038 1391 Vicelegatis,
1055 1335 1161 1378 Sedis
1180 1336 1477 1391 Apostolicae,ac
1489 1339 1605 1393 ipsius
1621 1341 1698 1383 sta-

77 1410 139 1436 tus
154 1393 490 1438 Gubernatoribus
502 1424 512 1442 ,
523 1393 778 1437 potestatibus
792 1425 803 1442 ,
818 1400 858 1437 &
871 1391 1247 1435 Locumtenentibus
1264 1424 1273 1441 ‚
1289 1409 1330 1435 vt
1343 1397 1496 1450 quoties
1507 1410 1577 1451 pro
1586 1412 1697 1452 parte

76 1452 170 1495 dieti
182 1452 314 1509 populi
328 1454 497 1495 Romani
514 1482 523 1500 ‚
539 1457 580 1495 &
595 1451 642 1494 ab
656 1468 705 1494 eo
723 1455 1012 1507 Deputatorum
1030 1480 1040 1497 ‚
1055 1450 1120 1493 seu
1135 1452 1328 1492 licentiam
1344 1458 1385 1495 &
1404 1451 1626 1496 facultatem
1647 1456 1695 1497 ab

77 1511 166 1565 ipfis
183 1540 193 1558 ,
205 1526 248 1552 vt
261 1509 464 1566 praefertur
474 1540 484 1559 ,
496 1524 567 1566 pro
581 1524 761 1565 tempore
771 1510 1000 1552 habentium
1013 1538 1024 1557 ‚
1035 1507 1180 1551 fuerint
1194 1511 1365 1564 requisiti
1381 1541 1391 1558 ,
1408 1510 1472 1552 vel
1482 1526 1620 1553 eorum
1630 1516 1697 1556 ali-

78 1570 166 1623 quis
185 1567 301 1610 fuerit
314 1568 518 1624 requisitus
534 1596 544 1614 ‚
560 1567 704 1610 eisdem
719 1568 864 1623 populo
879 1599 889 1617 ,
907 1573 948 1610 δι
964 1568 1171 1622 Deputatis
1189 1596 1199 1614 ,
1213 1580 1256 1607 ac
1275 1566 1322 1609 ab
1335 1569 1423 1624 ipsis
1442 1569 1637 1612 licentiam
1654 1577 1697 1614 δε

81 1624 303 1669 facultatem
323 1627 636 1668 habenefficacis
655 1623 889 1668 defensionis
911 1625 1089 1681 praesidio
1113 1624 1320 1666 affistentes
1335 1626 1521 1680 praemiffit
1543 1628 1592 1669 ad
1610 1643 1698 1669 om-

80 1696 175 1725 nem
186 1684 320 1737 populi
336 1686 507 1725 Romani
520 1689 562 1726 &
573 1682 620 1725 ab
632 1699 681 1726 eo
695 1687 989 1739 Deputatorum
1002 1682 1276 1738 praedictorum
1288 1682 1483 1724 licentiam
1498 1682 1562 1726 seu
1572 1683 1697 1729 facul-

80 1750 205 1780 tatem
217 1739 356 1781 haben.
377 1741 669 1795 requisitionem
679 1756 813 1782 contra
823 1739 1093 1782 inobedientes
1109 1745 1150 1781 ὅ(
1166 1737 1325 1781 rebelles
1343 1741 1462 1781 etiam
1472 1755 1542 1796 per
1555 1741 1655 1785 cens
1649 1761 1698 1786 u-

79 1809 138 1836 ras
147 1798 424 1839 Ecclefiasticas
438 1827 448 1844 ,
463 1800 579 1839 etiam
594 1795 727 1852 saepius
741 1811 945 1853 aggrauan.
961 1802 1003 1840 &
1020 1811 1089 1852 per
1102 1796 1173 1838 alia
1183 1798 1273 1838 iuris
1287 1798 1457 1840 remedia
1469 1802 1699 1845 auc‘loritate

80 1854 302 1909 Apostolica
313 1869 558 1910 exequantur
574 1873 583 1895 ε
602 1857 784 1897 inuocato
796 1858 913 1897 etiam
926 1855 976 1897 ad
987 1855 1064 1896 hoc
1077 1883 1088 1900 ,
1104 1854 1130 1895 si
1150 1867 1247 1908 opus
1263 1853 1380 1896 fuerit
1394 1858 1537 1899 auxilio
1548 1856 1694 1914 brachii

81 1909 266 1954 secularis.
292 1915 341 1954 Et
359 1911 512 1968 insuper
522 1915 614 1969 quia
625 1913 780 1955 difficile
796 1913 1012 1955 admodum
1029 1909 1125 1954 effet
1140 1910 1342 1967 praesentes
1356 1913 1482 1956 literas
1497 1915 1545 1956 ad
1557 1919 1698 1971 quaeli-

81 1967 150 2010 bet
159 1968 241 2011 loca
251 1969 416 2018 deferri,
427 1970 620 2013 Volumus
632 2001 641 2018 ‚
654 1976 694 2013 &
706 1971 845 2013 eadem
861 1971 1081 2026 Apostolica
1095 1972 1323 2011 auctoritate
1336 1970 1583 2014 decernimus
1596 2004 1606 2021 ,
1618 1976 1698 2017 illa.

81 2041 169 2067 rum
191 2025 472 2083 transsumptis,
492 2034 533 2071 &
552 2028 742 2084 exemplis
760 2044 879 2071 manu
903 2029 1060 2082 Notarij
1082 2026 1224 2083 publici
1250 2025 1489 2084 subscriptis,
1516 2036 1557 2073 &
1577 2033 1695 2088 figillo

80 2085 214 2125 Curiae
229 2114 239 2132 ‚
254 2086 318 2127 vel
331 2084 498 2141 personae
510 2089 549 2128 in
563 2088 751 2142 dignitate
764 2087 1021 2130 Ecclesiastica
1033 2085 1253 2127 constitutae
1266 2088 1426 2128 munitis
1438 2117 1447 2134 ‚
1467 2093 1507 2130 &
1522 2092 1640 2131 etiam
1655 2093 1696 2134 in

81 2141 168 2195 ipfis
180 2142 361 2197 operibus
375 2143 556 2199 impreffis
569 2145 778 2199 plenariam
795 2151 836 2188 ὃ(
848 2145 1012 2187 eandem
1030 2143 1181 2199 prorsus
1198 2144 1317 2185 fidem
1330 2143 1474 2200 vbique
1486 2160 1566 2188 tam
1581 2150 1619 2189 in
1634 2150 1697 2190 iu-

79 2199 182 2240 dicio
193 2229 203 2246 ,
219 2199 341 2255 quam
356 2216 466 2243 extra
481 2203 666 2244 iudicium
679 2201 812 2245 haberi
828 2234 838 2251 ,
852 2218 938 2259 quae
952 2200 1199 2259 praesentibus
1212 2201 1423 2245 haberetur
1436 2221 1443 2242 :
1455 2219 1534 2245 non
1543 2204 1696 2249 obstan-

79 2254 183 2298 tibus
197 2258 539 2302 constitutionibus
557 2265 596 2302 &
612 2260 919 2303 ordinationibus
936 2261 1165 2316 Apostolicis
1176 2275 1237 2306 ,ac
1251 2275 1582 2317 quorumcunque
1593 2262 1697 2307 loco-

80 2327 168 2355 rum
184 2345 195 2363 ,
211 2316 518 2371 Gymnafiorum
533 2349 542 2366 ,
556 2324 598 2361 ὃς
619 2320 929 2361 Vniuersstatum
943 2351 954 2368 ,
967 2322 1084 2362 etiam
1103 2317 1320 2360 studiorum
1339 2320 1580 2374 generalium
1596 2325 1698 2364 iura.

78 2383 217 2413 mento
231 2403 242 2420 ,
253 2375 552 2419 confirmatione
566 2377 789 2431 Apostolica
804 2407 814 2424 ,
829 2376 890 2420 vel
903 2379 1040 2433 quauis
1054 2377 1236 2418 firmitate
1247 2376 1317 2417 alia
1331 2377 1518 2419 roboratis
1535 2380 1697 2428 statutis.

81 2433 123 2474 ὃς
140 2429 504 2486 consuctudinibus&
515 2435 723 2493 priuilegiis
748 2450 854 2492 quoq
861 2451 909 2480 ue
922 2467 933 2486 ,
950 2435 1106 2479 indultis
1117 2464 1129 2485 ,
1147 2440 1188 2479 &
1203 2433 1321 2478 literis
1335 2436 1566 2494 ApostoliCis
1579 2440 1699 2533 etizlzm

1607 2506 1620 2533 ι
1653 2506 1699 2542 ις,
